@article{liang15,
  Author = {Liang, Percy  and  Potts, Christopher},
  Journal = {Annual Review of Linguistics},
  Title = {Bringing Machine Learning and Compositional Semantics Together},
  Year = {2015},
  Volume = {1},
  Number = {1},
  Pages = {355--376},
  Doi = {10.1146/annurev-linguist-030514-125312}}


@article{simonyan2014very,
  title={Very deep convolutional networks for large-scale image recognition},
  author={Simonyan, Karen and Zisserman, Andrew},
  journal={arXiv preprint arXiv:1409.1556},
  year={2014}
}

@inproceedings{girshick2015fast,
  title={Fast r-cnn},
  author={Girshick, Ross},
  booktitle={ICCV},
  pages={1440--1448},
  year={2015}
}

 @inproceedings{Simonyan,
  title={Very deep convolutional
networks for large-scale image recognition},
  author={Simonyan, Karen and Zisserman, Andrew},
  booktitle={ICLR},
  year={2015}
} 
 
 @inproceedings{akata2015evaluation,
  title={Evaluation of output embeddings for fine-grained image classification},
  author={Akata, Zeynep and Reed, Scott and Walter, Daniel and Lee, Honglak and Schiele, Bernt},
  booktitle={CVPR},
  year={2015}
}
 
 @inproceedings{romera2015embarrassingly,
  title={An embarrassingly simple approach to zero-shot learning},
  author={Romera-Paredes, Bernardino and Torr, Philip},
  booktitle={ICML},
  year={2015}
}
 
 
 @inproceedings{elhoseiny2013write,
  title={Write a classifier: Zero-shot learning using purely textual descriptions},
  author={Elhoseiny, Mohamed and Saleh, Babak and Elgammal, Ahmed},
  booktitle={ICCV},
  year={2013}
}
 
 @article{elhoseiny2016write,
  title={Write a classifier: Predicting visual classifiers from unstructured text},
  author={Elhoseiny, Mohamed and Elgammal, Ahmed and Saleh, Babak},
  journal={IEEE transactions on pattern analysis and machine intelligence},
  volume={39},
  number={12},
  pages={2539--2553},
  year={2016},
  publisher={IEEE}
}

@inproceedings{ji2018stacked,
  title={Stacked semantics-guided attention model for fine-grained zero-shot learning},
  author={Ji, Zhong and Fu, Yanwei and Guo, Jichang and Pang, Yanwei and Zhang, Zhongfei Mark and others},
  booktitle={Advances in Neural Information Processing Systems},
  pages={5995--6004},
  year={2018}
}

@inproceedings{socher2013zero,
  title={Zero-shot learning through cross-modal transfer},
  author={Socher, Richard and Ganjoo, Milind and Manning, Christopher D and Ng, Andrew},
  booktitle={Advances in neural information processing systems},
  pages={935--943},
  year={2013}
}

@inproceedings{mihalcea2004textrank,
  title={Textrank: Bringing order into text},
  author={Mihalcea, Rada and Tarau, Paul},
  booktitle={Proceedings of the 2004 conference on empirical methods in natural language processing},
  pages={404--411},
  year={2004}
}

@inproceedings{zhu2018generative,
  title={A generative adversarial approach for zero-shot learning from noisy texts},
  author={Zhu, Yizhe and Elhoseiny, Mohamed and Liu, Bingchen and Peng, Xi and Elgammal, Ahmed},
  booktitle={CVPR 2018},
  pages={1004--1013},
  year={2018}
}

@article{mcinnes2017hdbscan,
  title={hdbscan: Hierarchical density based clustering},
  author={McInnes, Leland and Healy, John and Astels, Steve},
  journal={Journal of Open Source Software},
  volume={2},
  number={11},
  pages={205},
  year={2017}
}

@inproceedings{zhang2016spda,
  title={Spda-cnn: Unifying semantic part detection and abstraction for fine-grained recognition},
  author={Zhang, Han and Xu, Tao and Elhoseiny, Mohamed and Huang, Xiaolei and Zhang, Shaoting and Elgammal, Ahmed and Metaxas, Dimitris},
  booktitle={CVPR 2016},
  year={2016}
}


@article{fergus2007weakly,
  title={Weakly supervised scale-invariant learning of models for visual recognition},
  author={Fergus, Robert and Perona, Pietro and Zisserman, Andrew},
  journal={International journal of computer vision},
  volume={71},
  number={3},
  pages={273--303},
  year={2007},
  publisher={Springer}
}
@inproceedings{elhoseiny2017link,
  title={Link the head to the" beak": Zero shot learning from noisy text description at part precision},
  author={Elhoseiny, Mohamed and Zhu, Yizhe and Zhang, Han and Elgammal, Ahmed},
  booktitle={CVPR 2017},
  pages={6288--6297},
  year={2017},
  organization={IEEE}
}

@inproceedings{lei2015predicting,
  title={Predicting deep zero-shot convolutional neural networks using textual descriptions},
  author={Lei Ba, Jimmy and Swersky, Kevin and Fidler, Sanja and others},
  booktitle={Proceedings of the IEEE International Conference on Computer Vision},
  pages={4247--4255},
  year={2015}
}

@inproceedings{xu2018attngan,
  title={Attngan: Fine-grained text to image generation with attentional generative adversarial networks},
  author={Xu, Tao and Zhang, Pengchuan and Huang, Qiuyuan and Zhang, Han and Gan, Zhe and Huang, Xiaolei and He, Xiaodong},
  booktitle={Proceedings of the IEEE conference on computer vision and pattern recognition},
  pages={1316--1324},
  year={2018}
}

@article{lecun1995convolutional,
  title={Convolutional networks for images, speech, and time series},
  author={LeCun, Yann and Bengio, Yoshua and others},
  journal={The handbook of brain theory and neural networks},
  volume={3361},
  number={10},
  pages={1995},
  year={1995}
}

@inproceedings{chao2016empirical,
  title={An empirical study and analysis of generalized zero-shot learning for object recognition in the wild},
  author={Chao, Wei-Lun and Changpinyo, Soravit and Gong, Boqing and Sha, Fei},
  booktitle={European Conference on Computer Vision},
  pages={52--68},
  year={2016},
  organization={Springer}
}

@article{reimers2019sentence,
  title={Sentence-bert: Sentence embeddings using siamese bert-networks},
  author={Reimers, Nils and Gurevych, Iryna},
  journal={arXiv preprint arXiv:1908.10084},
  year={2019}
}

@inproceedings{changpinyo2016synthesized,
  title={Synthesized classifiers for zero-shot learning},
  author={Changpinyo, Soravit and Chao, Wei-Lun and Gong, Boqing and Sha, Fei},
  booktitle={CVPR 2016},
  pages={5327--5336},
  year={2016}
}

@inproceedings{qiao2016less,
  title={Less is more: zero-shot learning from online textual documents with noise suppression},
  author={Qiao, Ruizhi and Liu, Lingqiao and Shen, Chunhua and Van Den Hengel, Anton},
  booktitle={CVPR 2016},
  pages={2249--2257},
  year={2016}
}
 
@inproceedings{akata2016multi,
  title={Multi-cue zero-shot learning with strong supervision},
  author={Akata, Zeynep and Malinowski, Mateusz and Fritz, Mario and Schiele, Bernt},
  booktitle={CVPR 2016},
  pages={59--68},
  year={2016}
} 

 @inproceedings{van2015building,
  title={Building a bird recognition app and large scale dataset with citizen scientists: The fine print in fine-grained dataset collection},
  author={Van Horn, Grant and Branson, Steve and Farrell, Ryan and Haber, Scott and Barry, Jessie and Ipeirotis, Panos and Perona, Pietro and Belongie, Serge},
  booktitle={CVPR 2015},
  pages={595--604},
  year={2015}
}
 
 @article{wah2011caltech,
  title={The caltech-ucsd birds-200-2011 dataset},
  author={Wah, Catherine and Branson, Steve and Welinder, Peter and Perona, Pietro and Belongie, Serge},
  year={2011},
  publisher={California Institute of Technology}
}
 
 @inproceedings{xu2018attngan,
  title={Attngan: Fine-grained text to image generation with attentional generative adversarial networks},
  author={Xu, Tao and Zhang, Pengchuan and Huang, Qiuyuan and Zhang, Han and Gan, Zhe and Huang, Xiaolei and He, Xiaodong},
  booktitle={CVPR 2018},
  pages={1316--1324},
  year={2018}
}
 
 @inproceedings{akata2015evaluation,
  title={Evaluation of output embeddings for fine-grained image classification},
  author={Akata, Zeynep and Reed, Scott and Walter, Daniel and Lee, Honglak and Schiele, Bernt},
  booktitle={CVPR 2015},
  pages={2927--2936},
  year={2015}
}
 
 @inproceedings{qiao2016less,
  title={Less is more: zero-shot learning from online textual documents with noise suppression},
  author={Qiao, Ruizhi and Liu, Lingqiao and Shen, Chunhua and Van Den Hengel, Anton},
  booktitle={CVPR 2016},
  pages={2249--2257},
  year={2016}
}


@inproceedings{reed2016learning,
  title={Learning deep representations of fine-grained visual descriptions},
  author={Reed, Scott and Akata, Zeynep and Lee, Honglak and Schiele, Bernt},
  booktitle={Proceedings of the IEEE Conference on Computer Vision and Pattern Recognition},
  pages={49--58},
  year={2016}
}
 
 @inproceedings{lei2015predicting,
  title={Predicting deep zero-shot convolutional neural networks using textual descriptions},
  author={Lei Ba, Jimmy and Swersky, Kevin and Fidler, Sanja and others},
  booktitle={ICCV 2015},
  pages={4247--4255},
  year={2015}
}

@article{devlin2018bert,
  title={Bert: Pre-training of deep bidirectional transformers for language understanding},
  author={Devlin, Jacob and Chang, Ming-Wei and Lee, Kenton and Toutanova, Kristina},
  journal={arXiv preprint arXiv:1810.04805},
  year={2018}
}

@misc{AllaboutBirdslink,
  title = {AllaboutBirds},
  howpublished = {\url{https://dl.allaboutbirds.org/bayareafocusgroup}},
  note = {Accessed: 2010-09-30}
}
 
 @inproceedings{zhu2018generative,
  title={A generative adversarial approach for zero-shot learning from noisy texts},
  author={Zhu, Yizhe and Elhoseiny, Mohamed and Liu, Bingchen and Peng, Xi and Elgammal, Ahmed},
  booktitle={CVPR 2018},
  pages={1004--1013},
  year={2018}
}
 
 @inproceedings{elhoseiny2017link,
  title={Link the head to the" beak": Zero shot learning from noisy text description at part precision},
  author={Elhoseiny, Mohamed and Zhu, Yizhe and Zhang, Han and Elgammal, Ahmed},
  booktitle={CVPR 2017},
  pages={6288--6297},
  year={2017},
  organization={IEEE}
}
 
 @article{akata2015label,
  title={Label-embedding for image classification},
  author={Akata, Zeynep and Perronnin, Florent and Harchaoui, Zaid and Schmid, Cordelia},
  journal={IEEE transactions on pattern analysis and machine intelligence},
  volume={38},
  number={7},
  pages={1425--1438},
  year={2015},
  publisher={IEEE}
}
 
 @inproceedings{changpinyo2016synthesized,
  title={Synthesized classifiers for zero-shot learning},
  author={Changpinyo, Soravit and Chao, Wei-Lun and Gong, Boqing and Sha, Fei},
  booktitle={CVPR 2016},
  pages={5327--5336},
  year={2016}
}
 
 @inproceedings{wang2013unified,
  title={A unified probabilistic approach modeling relationships between attributes and objects},
  author={Wang, Xiaoyang and Ji, Qiang},
  booktitle={Proceedings of the IEEE International Conference on Computer Vision},
  pages={2120--2127},
  year={2013}
}
 
 @inproceedings{akata2013label,
  title={Label-embedding for attribute-based classification},
  author={Akata, Zeynep and Perronnin, Florent and Harchaoui, Zaid and Schmid, Cordelia},
  booktitle={CVPR 2013},
  pages={819--826},
  year={2013}
}
 
 @article{atzmon2018probabilistic,
  title={Probabilistic AND-OR attribute grouping for zero-shot learning},
  author={Atzmon, Yuval and Chechik, Gal},
  journal={arXiv preprint arXiv:1806.02664},
  year={2018}
}
 
 @inproceedings{lampert2009learning,
  title={Learning to detect unseen object classes by between-class attribute transfer},
  author={Lampert, Christoph H and Nickisch, Hannes and Harmeling, Stefan},
  booktitle={CVPR 2009},
  pages={951--958},
  year={2009},
  organization={IEEE}
}
 
 @inproceedings{farhadi2009describing,
  title={Describing objects by their attributes},
  author={Farhadi, Ali and Endres, Ian and Hoiem, Derek and Forsyth, David},
  booktitle={CVPR 2009},
  pages={1778--1785},
  year={2009},
  organization={IEEE}
}
 
 
 @article{geva2019we,
  title={Are We Modeling the Task or the Annotator? An Investigation of Annotator Bias in Natural Language Understanding Datasets},
  author={Geva, Mor and Goldberg, Yoav and Berant, Jonathan},
  journal={arXiv preprint arXiv:1908.07898},
  year={2019}
}
 
@article{levit2007interpretation,
  title={Interpretation of spatial language in a map navigation task},
  author={Levit, Michael and Roy, Deb},
  journal={IEEE Transactions on Systems, Man, and Cybernetics, Part B (Cybernetics)},
  volume={37},
  number={3},
  pages={667--679},
  year={2007},
  publisher={IEEE}
}

@inproceedings{xu2015show,
  title={Show, attend and tell: Neural image caption generation with visual attention},
  author={Xu, Kelvin and Ba, Jimmy and Kiros, Ryan and Cho, Kyunghyun and Courville, Aaron and Salakhudinov, Ruslan and Zemel, Rich and Bengio, Yoshua},
  booktitle={International Conference on Machine Learning},
  pages={2048--2057},
  year={2015}
}

@inproceedings{abend2017state,
  title={The state of the art in semantic representation},
  author={Abend, Omri and Rappoport, Ari},
  booktitle={Proceedings of the 55th Annual Meeting of the Association for Computational Linguistics (Volume 1: Long Papers)},
  volume={1},
  pages={77--89},
  year={2017}
}

@inproceedings{branavan2009reinforcement,
  title={Reinforcement learning for mapping instructions to actions},
  author={Branavan, Satchuthananthavale RK and Chen, Harr and Zettlemoyer, Luke S and Barzilay, Regina},
  booktitle={Proceedings of the Joint Conference of the 47th Annual Meeting of the ACL and the 4th International Joint Conference on Natural Language Processing of the AFNLP: Volume 1-Volume 1},
  pages={82--90},
  year={2009},
  organization={Association for Computational Linguistics}
}

@inproceedings{vogel2010learning,
  title={Learning to follow navigational directions},
  author={Vogel, Adam and Jurafsky, Dan},
  booktitle={Proceedings of the 48th Annual Meeting of the Association for Computational Linguistics},
  pages={806--814},
  year={2010},
  organization={Association for Computational Linguistics}
}

@inproceedings{matuszek2010following,
  title={Following directions using statistical machine translation},
  author={Matuszek, Cynthia and Fox, Dieter and Koscher, Karl},
  booktitle={Proceedings of the 5th ACM/IEEE international conference on Human-robot interaction},
  pages={251--258},
  year={2010},
  organization={IEEE Press}
}

@article{nguyen2018vision,
  title={Vision-based Navigation with Language-based Assistance via Imitation Learning with Indirect Intervention},
  author={Nguyen, Khanh and Dey, Debadeepta and Brockett, Chris and Dolan, Bill},
  journal={arXiv preprint arXiv:1812.04155},
  year={2018}
}

@article{wu2016google,
  title={Google's neural machine translation system: Bridging the gap between human and machine translation},
  author={Wu, Yonghui and Schuster, Mike and Chen, Zhifeng and Le, Quoc V and Norouzi, Mohammad and Macherey, Wolfgang and Krikun, Maxim and Cao, Yuan and Gao, Qin and Macherey, Klaus and others},
  journal={arXiv preprint arXiv:1609.08144},
  year={2016}
}

@article{anderson1991hcrc,
  title={The HCRC map task corpus},
  author={Anderson, Anne H and Bader, Miles and Bard, Ellen Gurman and Boyle, Elizabeth and Doherty, Gwyneth and Garrod, Simon and Isard, Stephen and Kowtko, Jacqueline and McAllister, Jan and Miller, Jim and others},
  journal={Language and speech},
  volume={34},
  number={4},
  pages={351--366},
  year={1991},
  publisher={SAGE Publications Sage UK: London, England}
}

@inproceedings{chen2011learning,
  title={Learning to Interpret Natural Language Navigation Instructions from Observations.},
  author={Chen, David L and Mooney, Raymond J},
  booktitle={AAAI},
  volume={2},
  pages={1--2},
  year={2011}
}

@article{mei2015listen,
  title={Listen, attend, and walk: Neural mapping of navigational instructions to action sequences},
  author={Mei, Hongyuan and Bansal, Mohit and Walter, Matthew R},
  journal={arXiv preprint arXiv:1506.04089},
  year={2015}
}

@article{salton1988term,
  title={Term-weighting approaches in automatic text retrieval},
  author={Salton, Gerard and Buckley, Christopher},
  journal={Information processing \& management},
  volume={24},
  number={5},
  pages={513--523},
  year={1988},
  publisher={Elsevier}
}

@inproceedings{ester1996density,
  title={A density-based algorithm for discovering clusters in large spatial databases with noise.},
  author={Ester, Martin and Kriegel, Hans-Peter and Sander, J{\"o}rg and Xu, Xiaowei and others},
  booktitle={Kdd},
  volume={96},
  number={34},
  pages={226--231},
  year={1996}
}

@article{luong2015effective,
  title={Effective approaches to attention-based neural machine translation},
  author={Luong, Minh-Thang and Pham, Hieu and Manning, Christopher D},
  journal={arXiv preprint arXiv:1508.04025},
  year={2015}


@article{macmahon2006walk,
  title={Walk the talk: Connecting language, knowledge, and action in route instructions},
  author={MacMahon, Matt and Stankiewicz, Brian and Kuipers, Benjamin},
  journal={Def},
  volume={2},
  number={6},
  pages={4},
  year={2006}
}

@inproceedings{borschinger2011reducing,
  title={Reducing grounded learning tasks to grammatical inference},
  author={B{\"o}rschinger, Benjamin and Jones, Bevan K and Johnson, Mark},
  booktitle={Proceedings of the Conference on Empirical Methods in Natural Language Processing},
  pages={1416--1425},
  year={2011},
  organization={Association for Computational Linguistics},
  
}

@inproceedings{kim2012unsupervised,
  title={Unsupervised pcfg induction for grounded language learning with highly ambiguous supervision},
  author={Kim, Joohyun and Mooney, Raymond J},
  booktitle={Proceedings of the 2012 Joint Conference on Empirical Methods in Natural Language Processing and Computational Natural Language Learning},
  pages={433--444},
  year={2012},
  organization={Association for Computational Linguistics}
}

@article{artzi2013weakly,
  title={Weakly supervised learning of semantic parsers for mapping instructions to actions},
  author={Artzi, Yoav and Zettlemoyer, Luke},
  journal={Transactions of the Association for Computational Linguistics},
  volume={1},
  pages={49--62},
  year={2013}
}
@inproceedings{artzi2014learning,
  title={Learning Compact Lexicons for CCG Semantic Parsing.},
  author={Artzi, Yoav and Das, Dipanjan and Petrov, Slav and others},
  booktitle={EMNLP},
  pages={1273--1283},
  year={2014}
}
@article{cho2014learning,
  title={Learning phrase representations using RNN encoder-decoder for statistical machine translation},
  author={Cho, Kyunghyun and Van Merri{\"e}nboer, Bart and Gulcehre, Caglar and Bahdanau, Dzmitry and Bougares, Fethi and Schwenk, Holger and Bengio, Yoshua},
  journal={arXiv preprint arXiv:1406.1078},
  year={2014}
}

@article{bahdanau2014neural,
  title={Neural machine translation by jointly learning to align and translate},
  author={Bahdanau, Dzmitry and Cho, Kyunghyun and Bengio, Yoshua},
  journal={arXiv preprint arXiv:1409.0473},
  year={2014}
}

@inproceedings{kim2013adapting,
  title={Adapting Discriminative Reranking to Grounded Language Learning.},
  author={Kim, Joohyun and Mooney, Raymond J},
  booktitle={ACL (1)},
  pages={218--227},
  year={2013}
}
@article{kingma2014adam,
  title={Adam: A method for stochastic optimization},
  author={Kingma, Diederik P and Ba, Jimmy},
  journal={arXiv preprint arXiv:1412.6980},
  year={2014}
}
@inproceedings{graves2013speech,
  title={Speech recognition with deep recurrent neural networks},
  author={Graves, Alex and Mohamed, Abdel-rahman and Hinton, Geoffrey},
  booktitle={Acoustics, speech and signal processing (icassp), 2013 ieee international conference on},
  pages={6645--6649},
  year={2013},
  organization={IEEE}
}

@article{graves2005framewise,
  title={Framewise phoneme classification with bidirectional LSTM and other neural network architectures},
  author={Graves, Alex and Schmidhuber, J{\"u}rgen},
  journal={Neural Networks},
  volume={18},
  number={5-6},
  pages={602--610},
  year={2005},
  publisher={Elsevier}
}

@article{gers2002learning,
  title={Learning precise timing with LSTM recurrent networks},
  author={Gers, Felix A and Schraudolph, Nicol N and Schmidhuber, J{\"u}rgen},
  journal={Journal of machine learning research},
  volume={3},
  number={Aug},
  pages={115--143},
  year={2002}
}
@inproceedings{vaswani2017attention,
  title={Attention is all you need},
  author={Vaswani, Ashish and Shazeer, Noam and Parmar, Niki and Uszkoreit, Jakob and Jones, Llion and Gomez, Aidan N and Kaiser, {\L}ukasz and Polosukhin, Illia},
  booktitle={Advances in Neural Information Processing Systems},
  pages={6000--6010},
  year={2017}
}

@article{fried2017unified,
  title={Unified Pragmatic Models for Generating and Following Instructions},
  author={Fried, Daniel and Andreas, Jacob and Klein, Dan},
  journal={arXiv preprint arXiv:1711.04987},
  year={2017}
}

@article{hochreiter1997long,
  title={Long short-term memory},
  author={Hochreiter, Sepp and Schmidhuber, J{\"u}rgen},
  journal={Neural computation},
  volume={9},
  number={8},
  pages={1735--1780},
  year={1997},
  publisher={MIT Press}
}

@article{chen2018touchdown,
  title={Touchdown: Natural Language Navigation and Spatial Reasoning in Visual Street Environments},
  author={Chen, Howard and Shur, Alane and Misra, Dipendra and Snavely, Noah and Artzi, Yoav},
  journal={arXiv preprint arXiv:1811.12354},
  year={2018}
}

@misc{upupaper,
  author  = {UPU},
  publisher={Universal Postal Union},
  title = {{Addressing the world – An address for everyone}},
  howpublished = "\url{http://www.upu.int/fileadmin/documentsFiles/activities/addressingAssistance/whitePaperAddressingTheWorldEn.pdf}",
  pages={7},
  year = {2012}, 
  note = "[Online; accessed 27-February-2019]"
}

@article{iyer2017learning,
  title={Learning a neural semantic parser from user feedback},
  author={Iyer, Srinivasan and Konstas, Ioannis and Cheung, Alvin and Krishnamurthy, Jayant and Zettlemoyer, Luke},
  journal={arXiv preprint arXiv:1704.08760},
  year={2017}
}

@article{suhr2018learning,
  title={Learning to map context-dependent sentences to executable formal queries},
  author={Suhr, Alane and Iyer, Srinivasan and Artzi, Yoav},
  journal={arXiv preprint arXiv:1804.06868},
  year={2018}
}


@inproceedings{anderson2018vision,
  title={Vision-and-language navigation: Interpreting visually-grounded navigation instructions in real environments},
  author={Anderson, Peter and Wu, Qi and Teney, Damien and Bruce, Jake and Johnson, Mark and S{\"u}nderhauf, Niko and Reid, Ian and Gould, Stephen and van den Hengel, Anton},
  booktitle={CVPR},
  pages={3674--3683},
  year={2018}
}

@article{misra2018mapping,
  title={Mapping instructions to actions in 3D environments with visual goal prediction},
  author={Misra, Dipendra and Bennett, Andrew and Blukis, Valts and Niklasson, Eyvind and Shatkhin, Max and Artzi, Yoav},
  journal={arXiv preprint arXiv:1809.00786},
  year={2018}
}

@article{yan2018chalet,
  title={CHALET: Cornell house agent learning environment},
  author={Yan, Claudia and Misra, Dipendra and Bennnett, Andrew and Walsman, Aaron and Bisk, Yonatan and Artzi, Yoav},
  journal={arXiv preprint arXiv:1801.07357},
  year={2018}
}

@article{wang2018look,
  title={Look Before You Leap: Bridging Model-Free and Model-Based Reinforcement Learning for Planned-Ahead Vision-and-Language Navigation},
  author={Wang, Xin and Xiong, Wenhan and Wang, Hongmin and Wang, William Yang},
  journal={arXiv preprint arXiv:1803.07729},
  year={2018}
}


@article{blukis2018following,
  title={Following High-level Navigation Instructions on a Simulated Quadcopter with Imitation Learning},
  author={Blukis, Valts and Brukhim, Nataly and Bennett, Andrew and Knepper, Ross A and Artzi, Yoav},
  journal={arXiv preprint arXiv:1806.00047},
  year={2018}
}

@article{andreas2015alignment,
  title={Alignment-based compositional semantics for instruction following},
  author={Andreas, Jacob and Klein, Dan},
  journal={arXiv preprint arXiv:1508.06491},
  year={2015}
}

@article{de2018talk,
  title={Talk the Walk: Navigating New York City through Grounded Dialogue},
  author={de Vries, Harm and Shuster, Kurt and Batra, Dhruv and Parikh, Devi and Weston, Jason and Kiela, Douwe},
  journal={arXiv preprint arXiv:1807.03367},
  year={2018}
}


@inproceedings{glorot2010understanding,
  title={Understanding the difficulty of training deep feedforward neural networks},
  author={Glorot, Xavier and Bengio, Yoshua},
  booktitle={Proceedings of the thirteenth international conference on artificial intelligence and statistics},
  pages={249--256},
  year={2010}
}